% references.bib
@misc{wikipedia-p2p,
  author = {{Wikipedia Contributors}},
  title = {Peer-to-Peer File Sharing},
  year = {2024},
  howpublished = {\url{https://en.wikipedia.org/wiki/Peer-to-peer_file_sharing}},
  note = {Accessed: 2024-03-21},
}

@misc{wikipedia-napster,
  author = {{Wikipedia Contributors}},
  title = {Napster},
  year = {2024},
  howpublished = {\url{https://en.wikipedia.org/wiki/Napster}},
  note = {Accessed: 2024-03-21},
}

@misc{wikipedia-fasttrack,
  author = {{Wikipedia Contributors}},
  title = {FastTrack},
  year = {2024},
  howpublished = {\url{https://en.wikipedia.org/wiki/FastTrack}},
  note = {Accessed: 2024-03-21},
}

@inproceedings{early-2000s-p2p-state,
  author = {Johnson, M. Eric and McGuire, Dan and Willey, Nicholas D.},
  title = {The Evolution of the Peer-to-Peer File Sharing Industry and the
           Security Risks for Users},
  booktitle = {Proceedings of the 41st Annual Hawaii International Conference on
               System Sciences},
  year = {2008},
  doi = {10.1109/HICSS.2008.436},
  publisher = {IEEE},
}

@article{BitTorrent-most-popular,
  author = {Rodriguez, Anna},
  title = {BitTorrent vs. Other Peer-to-Peer Networks: A comparison},
  journal = {California Business Journal},
  year = {2025},
  url = {
         https://calbizjournal.com/bittorrent-vs-other-peer-to-peer-networks-a-comparison/
         },
  note = {Accessed: 2024-03-21},
}

@techreport{bep_0003,
  institution = {Bitcoin Project},
  author = {Cohen, Bram},
  title = {The BitTorrent Protocol Specification},
  type = {BitTorrent Enhancement Proposal},
  number = {3},
  year = {2001},
  url = {https://www.bittorrent.org/beps/bep_0003.html},
  note = {Accessed: 2024-03-21},
}

@techreport{bep_0005,
  institution = {Bitcoin Project},
  author = {Cohen, Bram},
  title = {DHT Protocol},
  type = {BitTorrent Enhancement Proposal},
  number = {5},
  year = {2008},
  url = {https://www.bittorrent.org/beps/bep_0005.html},
  note = {Accessed: 2024-03-21},
}

@techreport{bep_0011,
  institution = {Bitcoin Project},
  author = {Harrison, David and Willmann, Juliusz},
  title = {Peer Exchange (PEX)},
  type = {BitTorrent Enhancement Proposal},
  number = {11},
  year = {2008},
  url = {https://www.bittorrent.org/beps/bep_0011.html},
  note = {Accessed: 2024-03-21},
}

@techreport{bep_0014,
  institution = {Bitcoin Project},
  author = {Harrison, David},
  title = {Local Service Discovery},
  type = {BitTorrent Enhancement Proposal},
  number = {14},
  year = {2008},
  url = {https://www.bittorrent.org/beps/bep_0014.html},
  note = {Accessed: 2024-03-21},
}

@techreport{choking,
  author = {Cohen, Bram},
  title = {Incentives Build Robustness in BitTorrent},
  institution = {BitTorrent.org},
  year = {2003},
  url = {https://bittorrent.org/bittorrentecon.pdf},
  note = {Accessed: 2024-03-21},
}

@misc{bitcoin,
  author = {Nakamoto, Satoshi},
  title = {Bitcoin: A Peer-to-Peer Electronic Cash System},
  year = {2008},
  howpublished = {\url{https://bitcoin.org/bitcoin.pdf}},
  note = {Accessed: 2024-03-21},
}

@book{ledger,
  author = {Antonopoulos, Andreas M.},
  title = {Mastering Bitcoin: Unlocking Digital Crypto-Currencies},
  publisher = {O'Reilly Media},
  year = {2014},
  isbn = {978-1-4493-7404-4},
}

@misc{IPFS,
  author = {{IPFS Project}},
  title = {IPFS - Content Addressed, Versioned, P2P File System},
  year = {2023},
  howpublished = {\url{https://specs.ipfs.tech/architecture/principles}},
  note = {Accessed: 2024-03-21},
}

@inproceedings{security,
  author = {Johnson, M. Eric and McGuire, Dan and Willey, Nicholas D.},
  title = {The Evolution of the Peer-to-Peer File Sharing Industry and the
           Security Risks for Users},
  booktitle = {Proceedings of the 41st Annual Hawaii International Conference on
               System Sciences (HICSS 2008)},
  year = {2008},
  doi = {10.1109/HICSS.2008.436},
  publisher = {IEEE},
}

@misc{anthdm-foreverstore,
  author = {{AnthonyGG}},
  title = {distributedfilesystemgo},
  year = {2023},
  howpublished = {\url{https://github.com/anthdm/distributedfilesystemgo}},
  note = {Accessed: 2025-03-11},
}
